@article{singh2023analyzing,
  title={Analyzing Transformer Dynamics as Movement through Embedding Space},
  author={Singh, Sumeet S},
  journal={arXiv preprint arXiv:2308.10874},
  year={2023}
}
@article{goyal2023think,
  title={Think before you speak: Training Language Models With Pause Tokens},
  author={Goyal, Sachin and Ji, Ziwei and Rawat, Ankit Singh and Menon, Aditya Krishna and Kumar, Sanjiv and Nagarajan, Vaishnavh},
  journal={arXiv preprint arXiv:2310.02226},
  year={2023}
}
@inproceedings{luo2018cosine,
  title={Cosine normalization: Using cosine similarity instead of dot product in neural networks},
  author={Luo, Chunjie and Zhan, Jianfeng and Xue, Xiaohe and Wang, Lei and Ren, Rui and Yang, Qiang},
  booktitle={Artificial Neural Networks and Machine Learning--ICANN 2018: 27th International Conference on Artificial Neural Networks, Rhodes, Greece, October 4-7, 2018, Proceedings, Part I 27},
  pages={382--391},
  year={2018},
  organization={Springer}
}